@misc{opentracing,
    author    = "opentracing.io",
    title     = "What is Distributed Tracing?",
    url       = "https://opentracing.io/docs/overview/what-is-tracing/",
    year      = "2019"
}

@misc{helmcharts,
    author    = "helm.sh",
    title     = "Helm Charts",
    url       = "https://helm.sh/docs/topics/charts/",
    year      = "2019"
}

@article{ieeesoftware,
    author    = "Robert L. Glass",
    title     = "Frequently Forgotten Fundamental Facts about Software Engineering",
    url       = "https://ieeexplore.ieee.org/document/922739",
    year      = "2001"
}